<record><leader>00000cas a2200000 a 4500</leader><controlfield tag="001">12308200</controlfield><controlfield tag="008">850726d18871903ksuwr ne      0    0eng d</controlfield><datafield ind1=" " ind2=" " tag="010"><subfield code="a">sn 85030685 </subfield></datafield><datafield ind1=" " ind2=" " tag="040"><subfield code="a">KSH</subfield><subfield code="b">eng</subfield><subfield code="c">KSH</subfield><subfield code="d">NPT</subfield><subfield code="d">OCL</subfield><subfield code="d">OCLCQ</subfield></datafield><datafield ind1=" " ind2=" " tag="042"><subfield code="a">msc</subfield></datafield><datafield ind1="0" ind2="0" tag="245"><subfield code="a">Weekly interior herald.</subfield></datafield><datafield ind1="1" ind2="3" tag="246"><subfield code="a">Weekly herald</subfield><subfield code="f">Jan. 13-June 23, 1903</subfield></datafield><datafield ind1=" " ind2=" " tag="260"><subfield code="a">Hutchinson, Kan. :</subfield><subfield code="b">Fletcher Meridith,</subfield><subfield code="c">1887-1903.</subfield></datafield><datafield ind1=" " ind2=" " tag="300"><subfield code="a">16 v. :</subfield><subfield code="b">ill. ;</subfield><subfield code="c">50-54 cm.</subfield></datafield><datafield ind1=" " ind2=" " tag="310"><subfield code="a">Weekly</subfield></datafield><datafield ind1="0" ind2=" " tag="362"><subfield code="a">Vol. 12, no. 16 (Apr. 16, 1887)-v. 27, no. 25 (June 20, 1903).</subfield></datafield><datafield ind1=" " ind2=" " tag="500"><subfield code="a">Published by: Fletcher Meridith &amp; the Herald Pub. Co., Aug. 9-30, 1902; Herald Pub. Co., Sept. 6, 1902-June 23, 1903.</subfield></datafield><datafield ind1=" " ind2=" " tag="580"><subfield code="a">Issued also in daily edition called: Daily herald (Hutchinson, Kan.) Apr. 12-Dec. 31, 1887.</subfield></datafield><datafield ind1=" " ind2=" " tag="752"><subfield code="a">United States</subfield><subfield code="b">Kansas</subfield><subfield code="c">Reno</subfield><subfield code="d">Hutchinson.</subfield></datafield><datafield ind1="1" ind2=" " tag="775"><subfield code="t">Daily herald (Hutchinson, Kan.)</subfield><subfield code="w">(DLC)sn 85030714</subfield></datafield><datafield ind1="0" ind2="0" tag="780"><subfield code="t">Interior herald</subfield><subfield code="w">(DLC)sn 85030684</subfield></datafield></record>